@book{mackay2003information,
  title={Information theory, inference and learning algorithms},
  author={MacKay, David JC},
  year={2003},
  publisher={Cambridge university press}
}

@article{emmert2019evaluation,
  title={Evaluation of regression models: Model assessment, model selection and generalization error},
  author={Emmert-Streib, Frank and Dehmer, Matthias},
  journal={Machine learning and knowledge extraction},
  volume={1},
  number={1},
  pages={521--551},
  year={2019},
  publisher={MDPI}
}
